@online{navarro2015followingtrash,
  title		= {Following Trash and Recyclables on Their Journey},
  author	= {Mireya Navarro},
  year		= {2009},
  url		= {http://www.nytimes.com/learning/students/pop/20090918snapfriday.html},
  urldate	= {December 28, 2015}
}
@book{banash2013collage,
  title     = {Collage Culture: Readymades, Meaning, and the Age of Consumption.},
  author    = {Banash, D.},
  series    = {Postmodern Studies},
  year      = {2013},
  publisher = {Editions Rodopi}
}
@book{pye2010trashculture,
  author	= {Pye, Gillian},
  publisher = {Peter Lang AG},
  series	= {Cultural Interactions: Studies in the Relationship Between the Arts},
  title		= {Trash Culture: Objects and Obsolescence in Cultural Perspective.},
  year		= {2010},
}
@book{cerny1996recycled,
  author	= {Cerny, Charlene and Seriff, Suzanne},
  publisher	= {Harry N. Abrams},
  title		= {Recycled, re-seen: folk art from the Global Scrap Heap},
  year		= {1996},
}
@book{rathje1992rubbish,
  author	= {Rathje, William and Murphy, Cullen},
  publisher	= {HarperCollins},
  title		= {Rubbish: the archaeology of garbage},
  year		= {1992}
}
@misc{zizek2008,
  author    = {Taylor, Astra {\relax (Director)}},
  year      = {2008},
  title     = {Examined Life},
  producer	= {Ron Mann and Silva Basmajian},
  publisher	= {Zeitgeist Films}
}
@misc{agnes2000,
  author    = {Varda, Agn√®s {\relax (Director)}},
  year      = {2000},
  title     = {The Gleaners and I}
}